@article{stroustrup2012,
  title={Software development for infrastructure},
  author={Stroustrup, Bjarne},
  journal={IEEE Computer},
  volume={45},
  number={1},
  pages={47--58},
  year={2012}
}

@book{clrs,
  title={Introduction to algorithms},
  author={Thomas H.. Cormen and Leiserson, Charles Eric and Rivest, Ronald L and Stein, Clifford},
  volume={6},
  year={2001},
  publisher={MIT press Cambridge}
}

@online{googlebench,
  title={google-benchmark: A microbenchmark support library},
  year={2014},
  publisher={https://github.com/google/benchmark}
}

@article{c++fcd,
title={C++ standard},
}

@article{c++perftr,
  title={Technical report on C++ performance},
  author={Goldthwaite, Lois},
  journal={ISO/IEC PDTR},
  volume={18015},
  url={http://www.open-std.org/jtc1/sc22/wg21/docs/TR18015.pdf},
  year={2006}
}
